<record xmlns="http://www.loc.gov/MARC21/slim" xmlns:xsi="http://www.w3.org/2001/XMLSchema-instance" xsi:schemaLocation="http://www.loc.gov/MARC21/slim http://www.loc.gov/standards/marcxml/schema/MARC21slim.xsd"><leader>00639nz   2200145n  4500</leader><controlfield tag="001">oca04193627 </controlfield><controlfield tag="005">19961028133434.9</controlfield><controlfield tag="008">961028n| acannaab|          |a aaa |||  </controlfield><datafield ind1=" " ind2=" " tag="010"><subfield code="a">n  96104516 </subfield></datafield><datafield ind1=" " ind2=" " tag="040"><subfield code="a">DLC</subfield><subfield code="c">DLC</subfield></datafield><datafield ind1="0" ind2=" " tag="100"><subfield code="a">Crates,</subfield><subfield code="d">ca. 360 B.C.-ca. 280 B.C.</subfield></datafield><datafield ind1="0" ind2=" " tag="400"><subfield code="a">Krates,</subfield><subfield code="d">ca. 360 B.C.-ca. 280 B.C.</subfield></datafield><datafield ind1=" " ind2=" " tag="670"><subfield code="a">Die Kynikerbriefe, 1994:</subfield><subfield code="b">v. 2, p. ix, etc. (Crates; Krates; Cratetis Thebani)</subfield></datafield><datafield ind1=" " ind2=" " tag="670"><subfield code="a">Brockh. Enz., 1970:</subfield><subfield code="b">under Krates (Krates von Theben, ca. 360-280 B.C.; SchuÌ&#x88;ler des Diogenes von Sinope; BegruÌ&#x88;nder d. stoischen Philosophie)</subfield></datafield><datafield ind1=" " ind2=" " tag="670"><subfield code="a">New cath. enc., c1967:</subfield><subfield code="b">under Cynics (Crates, native of Thebes, fl. 328 B.C.)</subfield></datafield></record>